@inproceedings{mbacke2023statistical,
  title={Statistical Guarantees for Variational Autoencoders using PAC-Bayesian Theory},
  author={Mbacke, Sokhna Diarra and Clerc, Florence and Germain, Pascal},
  booktitle={Thirty-seventh Conference on Neural Information Processing Systems},
  year={2023}
}

@inproceedings{cherief2022pac,
  title={On PAC-Bayesian reconstruction guarantees for VAEs},
  author={Ch{\'e}rief-Abdellatif, Badr-Eddine and Shi, Yuyang and Doucet, Arnaud and Guedj, Benjamin},
  booktitle={International conference on artificial intelligence and statistics},
  pages={3066--3079},
  year={2022},
  organization={PMLR}
}

@article{mbacke2023pac,
  title={PAC-Bayesian Generalization Bounds for Adversarial Generative Models},
  author={Mbacke, Sokhna Diarra and Clerc, Florence and Germain, Pascal},
  journal={arXiv preprint arXiv:2302.08942},
  year={2023}
}

@article{riou2023bayes,
  title={Bayes meets Bernstein at the Meta Level: an Analysis of Fast Rates in Meta-Learning with PAC-Bayes},
  author={Riou, Charles and Alquier, Pierre and Ch{\'e}rief-Abdellatif, Badr-Eddine},
  journal={arXiv preprint arXiv:2302.11709},
  year={2023}
}

@inproceedings{Rothfuss2020,
  title={PACOH: Bayes-optimal meta-learning with PAC-guarantees},
  author={Rothfuss, Jonas and Fortuin, Vincent and Josifoski, Martin and Krause, Andreas},
  booktitle={International Conference on Machine Learning},
  pages={9116--9126},
  year={2021},
  organization={PMLR}
}

@inproceedings{Rivasplata2020,
archivePrefix = {arXiv},
arxivId = {2006.13057},
author = {Rivasplata, Omar and Kuzborskij, Ilja and Szepesv{\'{a}}ri, Csaba and Shawe-Taylor, John},
booktitle = {Advances in Neural Information Processing Systems},
eprint = {2006.13057},
file = {::},
issn = {10495258},
title = {{PAC-Bayes analysis beyond the usual bounds}},
volume = {2020-Decem},
year = {2020}
}

@article{gordon2018meta,
  title={Meta-learning probabilistic inference for prediction},
  author={Gordon, Jonathan and Bronskill, John and Bauer, Matthias and Nowozin, Sebastian and Turner, Richard E},
  journal={arXiv preprint arXiv:1805.09921},
  year={2018}
}

@inproceedings{wu2020meta,
  title={Meta-amortized variational inference and learning},
  author={Wu, Mike and Choi, Kristy and Goodman, Noah and Ermon, Stefano},
  booktitle={Proceedings of the AAAI Conference on Artificial Intelligence},
  volume={34},
  number={04},
  pages={6404--6412},
  year={2020}
}